<?xml version="1.0" encoding="UTF-8" ?>
<collection xmlns:xsi="http://www.w3.org/2001/XMLSchema-instance"
    xsi:schemaLocation="http://www.loc.gov/MARC21/slim
        http://www.loc.gov/standards/marcxml/schema/MARC21slim.xsd"
    xmlns="http://www.loc.gov/MARC21/slim">
<record>
  <leader>00227cam a2200421 i 4500</leader>
  <controlfield tag="001">b12566652</controlfield>
  <controlfield tag="003">LeBAU</controlfield>
  <controlfield tag="005">20200714</controlfield>
  <controlfield tag="008">970807s1955    iq            000 j ara d</controlfield>
  <datafield tag="035" ind1=" " ind2=" ">
    <subfield code="a">ocn784408248</subfield>
  </datafield>
  <datafield tag="040" ind1=" " ind2=" ">
    <subfield code="a">LEAUB</subfield>
    <subfield code="b">ara</subfield>
    <subfield code="e">rda</subfield>
    <subfield code="c">LEAUB</subfield>
    <subfield code="d">LEAUB</subfield>
  </datafield>
  <datafield tag="082" ind1="0" ind2="4">
    <subfield code="a">892.73</subfield>
    <subfield code="2">23</subfield>
  </datafield>
  <datafield tag="100" ind1="1" ind2=" ">
    <subfield code="6">880-01</subfield>
    <subfield code="a">Baṣrī, Mīr.</subfield>
    <subfield code="e">author.</subfield>
    <subfield code="0">http://id.loc.gov/authorities/names/n88179708 ,</subfield>
  </datafield>
  <datafield tag="245" ind1="1" ind2="0">
    <subfield code="6">880-02</subfield>
    <subfield code="a">Rijāl wa-ẓilāl :</subfield>
    <subfield code="b">qiṣaṣ wa-ṣūwar qalamīyah /</subfield>
    <subfield code="c">taʼlīf Mīr Baṣrī ; Muṣaddarah bi-kalimāt lil-asātidhah Rafāʼīl Buṭṭī, ʻAbbās al-ʻAzzāwī, Muṣṭafá Jawād.</subfield>
  </datafield>
  <datafield tag="246" ind1="1" ind2=" ">
    <subfield code="6">880-03</subfield>
    <subfield code="i">Title on title page verso:</subfield>
    <subfield code="a">Hommes et ombres, contes et esquises</subfield>
  </datafield>
  <datafield tag="264" ind1=" " ind2="1">
    <subfield code="6">880-04</subfield>
    <subfield code="a">[Baghdād] :</subfield>
    <subfield code="b">Sharikat al-Tijārah wa al-Ttibāʻah al-Maḥdūdah,</subfield>
    <subfield code="c">1955.</subfield>
  </datafield>
  <datafield tag="300" ind1=" " ind2=" ">
    <subfield code="6">880-05</subfield>
    <subfield code="a">160 pages ;</subfield>
    <subfield code="c">20 cm</subfield>
  </datafield>
  <datafield tag="336" ind1=" " ind2=" ">
    <subfield code="a">text</subfield>
    <subfield code="b">txt</subfield>
    <subfield code="2">rdacontent</subfield>
  </datafield>
  <datafield tag="337" ind1=" " ind2=" ">
    <subfield code="a">unmediated</subfield>
    <subfield code="b">n</subfield>
    <subfield code="2">rdamedia</subfield>
  </datafield>
  <datafield tag="338" ind1=" " ind2=" ">
    <subfield code="a">volume</subfield>
    <subfield code="b">nc</subfield>
    <subfield code="2">rdacarrier</subfield>
  </datafield>
  <datafield tag="655" ind1=" " ind2="4">
    <subfield code="a">قصص قصيرة.</subfield>
  </datafield>
  <datafield tag="655" ind1=" " ind2="0">
    <subfield code="a">Short stories.</subfield>
  </datafield>
  <datafield tag="700" ind1="1" ind2=" ">
    <subfield code="6">880-06</subfield>
    <subfield code="a">Buṭṭī, Rafāʼīl,</subfield>
    <subfield code="d">1901-1956.</subfield>
    <subfield code="e">author of introduction, etc.</subfield>
    <subfield code="0">http://id.loc.gov/authorities/names/n88245481 ,</subfield>
  </datafield>
  <datafield tag="700" ind1="1" ind2=" ">
    <subfield code="6">880-07</subfield>
    <subfield code="a">ʻAzzāwī, ʻAbbās.</subfield>
    <subfield code="e">author of introduction, etc.</subfield>
    <subfield code="0">http://id.loc.gov/authorities/names/nr91025969 ,</subfield>
  </datafield>
  <datafield tag="700" ind1="1" ind2=" ">
    <subfield code="6">880-08</subfield>
    <subfield code="a">Jawād, Muṣṭafá,</subfield>
    <subfield code="d">1905-1969.</subfield>
    <subfield code="e">author of introduction, etc.</subfield>
    <subfield code="0">http://id.loc.gov/authorities/names/n82235754 ,</subfield>
  </datafield>
  <datafield tag="852" ind1=" " ind2=" ">
    <subfield code="a">Jafet Library</subfield>
    <subfield code="e">American University of Beirut, Bliss Street , Beirut, Lebanon.</subfield>
  </datafield>
  <datafield tag="880" ind1="1" ind2=" ">
    <subfield code="6">100-01/(3/r</subfield>
    <subfield code="a">بصري، مير،</subfield>
    <subfield code="0">http://id.loc.gov/authorities/names/n88179708 ,</subfield>
    <subfield code="e">مؤلف. </subfield>
    <subfield code="4">aut.</subfield>
  </datafield>
  <datafield tag="880" ind1="1" ind2="0">
    <subfield code="6">245-02/(3/r</subfield>
    <subfield code="a">رجال وظلال :</subfield>
    <subfield code="b">قصص وصور قلمية /</subfield>
    <subfield code="c">تأليف مير بصري ؛ مصدرة بكلمات للأساتذة رفائيل بطي، عباس العزاوي، مصطفى جواد.</subfield>
  </datafield>
  <datafield tag="880" ind1="1" ind2=" ">
    <subfield code="6">246-03/(3/r</subfield>
    <subfield code="i">العنوان خلف صفحة العنوان:</subfield>
    <subfield code="a">Hommes et ombres, contes et esquises</subfield>
  </datafield>
  <datafield tag="880" ind1=" " ind2=" ">
    <subfield code="6">300-04/(3/r</subfield>
    <subfield code="a">160 صفحة ؛</subfield>
    <subfield code="c">20 سم</subfield>
  </datafield>
  <datafield tag="880" ind1=" " ind2="1">
    <subfield code="6">264-05/(3/r</subfield>
    <subfield code="a">[بغداد] :</subfield>
    <subfield code="b">شركة التجارة والطباعة المحدودة،</subfield>
    <subfield code="c">1955.</subfield>
  </datafield>
  <datafield tag="880" ind1="1" ind2=" ">
    <subfield code="6">700-06/(3/r</subfield>
    <subfield code="a">بطي، رفائيل،</subfield>
    <subfield code="d">1901-1956،</subfield>
    <subfield code="0">http://id.loc.gov/authorities/names/n88245481 ,</subfield>
    <subfield code="e">مؤلف مقدمة. </subfield>
    <subfield code="4">aui.</subfield>
  </datafield>
  <datafield tag="880" ind1="1" ind2=" ">
    <subfield code="6">700-07/(3/r</subfield>
    <subfield code="a">العزاوي، عباس،</subfield>
    <subfield code="0">http://id.loc.gov/authorities/names/nr91025969 ,</subfield>
    <subfield code="e">مؤلف مقدمة. </subfield>
    <subfield code="4">aui.</subfield>
  </datafield>
  <datafield tag="880" ind1="1" ind2=" ">
    <subfield code="6">700-08/(3/r</subfield>
    <subfield code="a">جواد، مصطفى،</subfield>
    <subfield code="d">1905-1969،</subfield>
    <subfield code="0">http://id.loc.gov/authorities/names/n82235754 ,</subfield>
    <subfield code="e">مؤلف مقدمة. </subfield>
    <subfield code="4">aui.</subfield>
  </datafield>
  <datafield tag="907" ind1=" " ind2=" ">
    <subfield code="a">.b12566652</subfield>
    <subfield code="b">20-07-20</subfield>
    <subfield code="c">11-05-24</subfield>
  </datafield>
  <datafield tag="907" ind1=" " ind2=" ">
    <subfield code="a">.b12566652</subfield>
    <subfield code="b">15-10-15</subfield>
    <subfield code="c">11-05-24</subfield>
  </datafield>
  <datafield tag="945" ind1=" " ind2=" ">
    <subfield code="f">J</subfield>
    <subfield code="a">892.73:B316rA</subfield>
    <subfield code="i">01037640</subfield>
    <subfield code="j">.i13076243</subfield>
    <subfield code="l">u0503</subfield>
  </datafield>
  <datafield tag="998" ind1=" " ind2=" ">
    <subfield code="a">u05</subfield>
    <subfield code="b">97-08-07</subfield>
    <subfield code="c">m</subfield>
    <subfield code="d">a  </subfield>
    <subfield code="e">-</subfield>
    <subfield code="f">ara</subfield>
    <subfield code="g">iq </subfield>
    <subfield code="h">0</subfield>
    <subfield code="i">1</subfield>
  </datafield>
</record>
</collection>
